2704 4222
177 388 236 452 132
339 387 544 506 xImsmrciriu.
561 389 768 477 Pmtagynia.
791 390 1158 476 Mesembryamhemum.

173 539 325 626 beterope-
339 551 387 615 M.
409 553 540 633 (various
554 550 701 634 petalled)
717 551 795 613 foliis
819 551 959 614 consertis
979 551 1185 634 impumtatis

194 625 303 693 tulum.
343 677 348 686 ·
379 638 493 719 glaucis
509 639 638 700 breviter
663 637 1039 717 falcato-gladiiiormibus,
1057 634 1183 718 angulis

221 711 292 779 136.
381 723 596 802 cartilaginem,
609 723 840 800 cmiualaceta3
857 723 964 802 petalis
975 722 1185 808 calyoevasto

233 801 253 840 ¹*
379 807 574 868 brevioribus.
598 805 677 882 Not.
695 806 728 868 in
749 807 916 889 syrusucc.
930 820 964 888 p.
980 805 1055 869 294.

337 917 369 953 α.
385 892 504 953 corollis
519 893 635 972 exiguis
651 892 766 952 miseris
780 892 865 954 albis.
962 923 971 938 ·=

336 978 370 1053 β.
385 977 502 1039 corollis
517 977 633 1058 exiguis
649 977 763 1038 miseris
778 976 888 1058 pallide
904 975 1007 1038 rosaist

138 1175 141 1182 ι
168 1137 292 1224 gisum-
335 1146 380 1209 Μ.
400 1147 564 1230 (glaucine)
591 1147 669 1209 foliis
685 1146 907 1210 confertissimis
927 1144 1179 1228 compresso-tri·

168 1245 252 1290 num.
376 1233 487 1312 quetris
502 1232 673 1309 breuissime
689 1231 948 1293 acinaoiiormibus
958 1229 1180 1311 glaucesoeuti-

215 1312 284 1382 137.
376 1318 430 1379 bus
439 1317 564 1396 integris
573 1316 1177 1398 strbcartilagiueomarginatissubpulm-

235 1401 256 1442 *
376 1404 458 1465 tatis.
484 1400 562 1464 Not.
578 1401 610 1463 iu
628 1397 735 1484 Suppl.
750 1420 828 1464 setes.
842 1400 919 1469 97:

334 1487 478 1568 Sequenti
496 1487 584 1549 nimis
599 1487 696 1548 affine.
798 1559 802 1567 Ι

332 1569 444 1636 variat·
1074 1611 1076 1618 ·

332 1683 352 1719 α
367 1666 533 1742 angustum
545 1682 557 1735 ‚·
573 1658 651 1719 foliis
662 1653 881 1739 gracilioribus,
893 1655 1011 1738 angulis
1025 1653 1180 1719 sulacem

374 1742 830 1825 subcartilagineo·marginatis.

331 1826 378 1888 M.
393 1828 531 1890 mutabili
560 1828 746 1898 simillimum
760 1848 769 1901 ;
794 1827 847 1887 sed
875 1825 986 1903 differt,
1000 1826 1176 1908 glaucos.

372 1911 504 1973 lerinoso
516 1913 628 1987 colore,
638 1923 669 1972 et
678 1912 827 1991 praeeipue
841 1911 872 1971 in
884 1910 962 1972 foliis
973 1911 1100 1973 maturis
1110 1931 1176 1975 nou

372 1996 552 2076 aequilateri·
569 1995 621 2057 sed
635 1996 990 2078 compresso-triquetris,
1005 2008 1037 2058 et
1052 1996 1190 2076 longio·'

318 2099 319 2102 ¹
371 2080 461 2156 ribus
479 2080 712 2162 angustioribus,
739 2087 854 2141 necnon
886 2081 985 2142 minus
1011 2080 1051 2143 ad
1074 2081 1175 2144 lucem

371 2165 781 2247 sortilogium-marginatis:
806 2166 925 2228 corollis
940 2165 1075 2250 innuptis
1091 2165 1173 2228 dilu-

371 2251 487 2312 tissime
502 2251 606 2326 roseis,
622 2251 696 2313 albis
707 2250 850 2312 sotheris.

327 2336 350 2411 β
364 2353 499 2397 crossum
510 2360 523 2412 ‚-
545 2336 624 2398 foliis
638 2335 829 2397 crassioribus
845 2335 1056 2418 glaucioribus.

328 2419 408 2481 Osa.
443 2418 546 2482 Florus
562 2420 656 2500 magis
671 2419 863 2503 pedunculati
879 2441 970 2504 quam
989 2421 1020 2481 in
1035 2419 1086 2485 M.
1100 2441 1173 2485 mu·

371 2503 467 2565 tabili.
501 2502 672 2565 Peduocult'
686 2506 893 2587 triangulares.
930 2502 1043 2570 Penta
1051 2523 1175 2591 semper

369 2588 508 2670 patentia
532 2599 565 2650 at
588 2589 684 2670 magis
707 2589 746 2651 ad
772 2591 878 2669 solem,
905 2589 1103 2672 pluriserialia
1124 2593 1173 2655 iu.

370 2673 568 2755 aqualissima
580 2675 801 2756 angustissimo,
813 2675 1068 2738 filamentiformia
1086 2697 1173 2740 sem·

371 2779 426 2838 per
441 2780 536 2836 rosea,
559 2779 620 2821 non
645 2759 745 2856 primo
761 2760 840 2838 albo,
863 2760 933 2822 dein
959 2779 1055 2840 rosea,
1077 2772 1113 2824 ut
1137 2764 1172 2826 in

370 2841 419 2904 M.
435 2845 586 2908 mutabili.
609 2841 757 2908 Fabrillca
773 2847 811 2923 (s.
823 2845 925 2926 petala
938 2846 1095 2930 interiora)
1109 2867 1171 2912 nu·

369 2931 580 2992 morosissime
601 2929 709 3010 petalis
730 2930 807 2992 veris
829 2929 983 3006 mrrltotiss
1005 2932 1170 3013 breviores,

345 3069 347 3074 .
362 3013 685 3095 ,subulam-capillatos
696 3033 825 3078 recurvae
839 3015 938 3078 lutee.
983 3013 1128 3081 Stamina
1143 3041 1171 3083 s.

370 3097 526 3162 filameuta
539 3119 611 3160 vera
626 3099 934 3164 antheriiesasummo'
947 3101 1041 3183 oalyoi
1054 3103 1171 3168 inserte

344 3233 346 3244 .
370 3185 556 3263 breuissima,
570 3196 601 3246 et
616 3205 685 3248 oum
704 3185 838 3248 sotheris
853 3185 953 3248 albida
961 3208 974 3264 ς
994 3187 1104 3250 intimo
1119 3190 1169 3252 iu·

226 3341 227 3346 γ
369 3270 671 3348 nuptalutssoerrtis.
704 3267 1022 3354 Amtmoblongae.
1051 3270 1169 3338 Pallen

342 3401 345 3404 .
369 3353 429 3414 riou
446 3354 517 3416 vidi.
563 3353 666 3437 Cotye
679 3355 1168 3442 praegroouszutdussmoequs-

366 3437 417 3582 {iss
432 3448 464 3500 et
482 3435 566 3523 styli
580 3441 683 3502 breves
707 3441 803 3523 grossi
818 3441 880 3504 iere
901 3453 936 3506 ut
950 3441 981 3506 iu
995 3441 1045 3512 M.
1061 3455 1165 3509 muta·

389 3542 438 3584 te.
