2724 4190
237 495 974 647 succuuaurunum

224 775 229 790 ·
338 727 930 922 sinuosus-²
1059 901 1064 910 ,

455 1057 751 1110 Q·

174 1327 177 1334 “
351 1311 617 1396 DIANDRIA.
645 1322 856 1427 Turarum'.

173 1585 177 1592 ,
264 1514 399 1580 amun.
425 1515 607 1622 Lernae.
642 1467 646 1482 Χ
990 1455 991 1460 ¹

172 1671 215 1745 'P.
230 1677 522 1760 (Pereslria-leave'd)
537 1678 613 1756 foliis
630 1677 1023 1760 ter-quaterrrisqueoblon·
1038 1673 1146 1737 Peres-

173 1755 178 1764 ’
220 1765 267 1844 gis
279 1765 428 1827 trinerviis
444 1763 555 1846 glabris
575 1763 729 1841 coriaceis,
746 1764 836 1846 spicis
856 1764 1023 1826 terminali·
1037 1757 1148 1841 kioeso-

172 1841 179 1850 ’
220 1851 276 1912 bus
290 1849 442 1913 solitariis.
469 1847 570 1912 Roem.
583 1859 613 1912 et
630 1846 769 1914 Schultz.
781 1859 857 1937 synt.
870 1870 937 1936 urg.
948 1849 1023 1913 328.
1037 1843 1126 1909 lium.

172 1942 175 1950 '
220 1931 590 2020 -Jacq.ir.2.r.212.'
994 1973 997 1978 ·

177 2020 256 2084 Oua.
281 2019 316 2083 P.
333 2021 511 2082 tricarinato
533 2020 621 2082 nobis
644 2020 843 2098 simillimum,
871 2033 903 2082 at
927 2023 1024 2084 minus

220 2105 363 2168 omuino:
379 2106 478 2168 nervis
488 2105 701 2172 minusvelvix
713 2107 953 2188 prominentibus
968 2128 1025 2169 nec

221 2190 487 2253 carinaelormibus.
550 2225 551 2228 ¹
923 2191 1025 2264 Sub.

170 2273 302 2339 ¹Amicus
316 2267 516 2351 Parmentier,
531 2275 645 2337 ordinis
657 2275 772 2358 Belgici
786 2275 896 2337 Leonis
909 2275 1023 2358 Eques,

221 2361 280 2424 dac.
293 2361 324 2422 in
341 2362 421 2426 hort.
438 2361 539 2424 Chels.
556 2362 723 2423 introduxit
737 2361 775 2426 A.
788 2361 829 2424 D.
850 2360 942 2439 1820,
954 2383 1024 2425 cum

220 2459 379 2530 sequente.

1141 1930 1168 1994 l.

178 2619 213 2680 P.
227 2616 340 2699 (small,
351 2615 468 2693 villose,
484 2615 670 2696 redleaved)
690 2625 756 2679 toto
769 2615 929 2681 villosum:
945 2618 1022 2679 loliis
1034 2609 1136 2674 rudel·

220 2701 375 2784 quaternis
390 2701 729 2763 subrolundo-obovatis
750 2703 1020 2766 subtusconvexu·
1035 2695 1110 2761 lum·

220 2789 256 2850 lis
268 2786 338 2848 rufis
348 2786 639 2851 lenticulilormibus.
1135 2783 1168 2846 2.

178 2872 538 2938 Haarrnrinlamaica.
675 2902 679 2910 ·
919 2873 1021 2948 suu.
1143 2870 1163 2911 *

175 2959 265 3040 Viget
288 2959 318 3018 in
343 2958 422 3019 hort.
439 2955 543 3020 Chele.
575 2956 686 3035 'affine
700 2957 735 3021 P.
752 2960 941 3042 verticillato,
965 2982 1021 3042 po·

219 3045 317 3106 tiusve
327 3039 363 3104 P.
374 3039 516 3122 pallenti3
542 3043 673 3122 aptiore
685 3041 796 3122 differt,
812 3046 909 3108 colore
921 3048 1021 3132 rubro,

181 3193 184 3200 ,
219 3129 342 3192 dac—a
358 3127 394 3191 P.
408 3127 550 3208 pallente,
566 3128 644 3190 soliis
663 3132 828 3208 quaternis,
846 3153 902 3194 nec
916 3135 1020 3198 ternis.

168 3239 171 3248 ¹
223 3213 352 3276 Simulat
361 3232 483 3294 quoque
493 3213 528 3273 P.
541 3211 723 3293 pulchellum
733 3215 764 3276 iu
777 3217 882 3278 habitu
892 3229 923 3279 et
935 3238 1023 3300 mag·

222 3299 372 3377 uitudiue,
395 3297 447 3359 sed
471 3297 614 3360 foliorum
629 3298 725 3361 form'a
749 3301 914 3385 discrepat,
933 3319 1024 3384 atque

221 3384 365 3466 magiset
378 3383 467 3469 valde
484 3383 633 3448 villosum.
677 3383 774 3465 Folia,
789 3390 937 3472 praecipue
952 3391 1025 3452 sub-

50 3503 54 3510 ·
163 3468 695 3554 mmmmmmm..

595 3547 787 3638 132¹
